@book{koza92,
		author    = "Koza, John R.",
		title     = "Genetic Programming: On the Programming of Computers by Means of Natural Selection",
		publisher = "MIT Press",
		year      = "1992"
}


@misc{ wiki:latex,
       author = "Wikipedia",
       title = "LaTeX --- Wikipedia{,} La enciclopedia libre",
       year = "2015",
       url = "https://es.wikipedia.org/w/index.php?title=LaTeX&oldid=84209252",
       note = "[Internet; descargado 30-septiembre-2015]"
}


@article{bortolot2005,
  title={Estimating forest biomass using small footprint LiDAR data: An individual tree-based approach that incorporates training data},
  author={Bortolot, Zachary J and Wynne, Randolph H},
  journal={ISPRS Journal of Photogrammetry and Remote Sensing},
  volume={59},
  number={6},
  pages={342--360},
  year={2005},
  publisher={Elsevier}
}

@misc{wiki:visionartifical,
	author = "Wikipedia",
	title = "Visión artificial --- Wikipedia, La enciclopedia libre",
	year = "2019",
	howpublished = "\url{https://es.wikipedia.org/w/index.php?title=Visi%C3%B3n_artificial&oldid=120821222}",
}

@misc{Detectron2018,
	author =       {Ross Girshick and Ilija Radosavovic and Georgia Gkioxari and
	Piotr Doll\'{a}r and Kaiming He},
	title =        {Detectron},
	howpublished = {\url{https://github.com/facebookresearch/detectron}},
	year =         {2018}
}

@misc{wu2019detectron2,
	author =       {Yuxin Wu and Alexander Kirillov and Francisco Massa and
	Wan-Yen Lo and Ross Girshick},
	title =        {Detectron2},
	howpublished = {\url{https://github.com/facebookresearch/detectron2}},
	year =         {2019}
}


@MISC {fpscine,
	author       = "Formación audiovisual",
	title        = "El cine y los fotogramas por segundo",
	howpublished = "\url{https://www.formacionaudiovisual.com/blog/cine-y-tv/el-cine-y-los-fotogramas-por-segundo-fps/}",
	month        = "jan",
	year         = "2017"
}

@MISC {tensorflow2020,
	author       = "TensorFlow",
	title        = "Pose estimation",
	howpublished = "\url{https://www.tensorflow.org/lite/models/pose_estimation/overview}",
	month        = "feb",
	year         = "2020"
}

@MISC {bigbasin,
	author       = "Facebook Engineering",
	title        = "Introducing Big Basin: Our next-generation AI hardware",
	howpublished = "\url{https://engineering.fb.com/data-center-engineering/introducing-big-basin-our-next-generation-ai-hardware/}",
	month        = "mar",
	year         = "2017"
}

@MISC {nvlink,
	author       = "Nvidia",
	title        = "NVLINK Y NVSWITCH: Los elementos fundamentales de la comunicación multi-GPU avanzada",
	howpublished = "\url{https://www.nvidia.com/es-es/data-center/nvlink/}"
}

@BOOK {cnn,
	author    = "Khan, Salman and Rahmani, Hossein and Ali Shah, Syed Afaq and Bennamoun, Mohammed",
	title     = "A Guide to Convolutional Neural Netwroks for Computer Vision",
	publisher = "Morgan \& Claypool",
	series    = "Gérard Medioni \& Sven Dickinson",
	year="2018"
}

@MISC {zeropadding,
	author       = "DeepLizard",
	title        = "Zero Padding In Convolutional Neural Networks Explained",
	howpublished = "\url{https://deeplizard.com/learn/video/qSTv_m-KFk0}"
}

@MISC {fpn,
	author       = "Lin, Tsung-Yi and Dollár, Piotr and Girshick, Ross and He, Kaiming and Hariharan, Bharath  and Belongie, Serge",
	title        = "Feature Pyramid Networks for Object Detection",
	howpublished = "\url{http://openaccess.thecvf.com/content_cvpr_2017/html/Lin_Feature_Pyramid_Networks_CVPR_2017_paper.html}",
	year         = "2017"
}

@MISC {lstm,
	author = "Sepp Hochreiter yJürgen Schmidhuber",
	title  = "Long Short-Term Memory",
	month  = "nov",
	year   = "1997"
}

@MISC {resnet,
	author       = "Baki Er",
	title        = "Microsoft Presents : Deep Residual Networks",
	howpublished = "\url{https://medium.com/@bakiiii/microsoft-presents-deep-residual-networks-d0ebd3fe5887}",
	month        = "aug",
	year         = "2016"
}

@MISC {angvec,
	author       = "OnlineMSchool",
	title        = "Ángulo entre vectores",
	howpublished = "\url{http://es.onlinemschool.com/math/library/vector/angl/#:~:text=%C3%81ngulo%20entre%20dos%20vectores%2C%20trazados,direcci%C3%B3n%20con%20el%20otro%20vector.}"
}

@misc{tensorflow2015-whitepaper,
	title={ {TensorFlow}: Large-Scale Machine Learning on Heterogeneous Systems},
	url={https://www.tensorflow.org/},
	note={Software available from tensorflow.org},
	author={
	Mart\'{\i}n~Abadi and
	Ashish~Agarwal and
	Paul~Barham and
	Eugene~Brevdo and
	Zhifeng~Chen and
	Craig~Citro and
	Greg~S.~Corrado and
	Andy~Davis and
	Jeffrey~Dean and
	Matthieu~Devin and
	Sanjay~Ghemawat and
	Ian~Goodfellow and
	Andrew~Harp and
	Geoffrey~Irving and
	Michael~Isard and
	Yangqing Jia and
	Rafal~Jozefowicz and
	Lukasz~Kaiser and
	Manjunath~Kudlur and
	Josh~Levenberg and
	Dandelion~Man\'{e} and
	Rajat~Monga and
	Sherry~Moore and
	Derek~Murray and
	Chris~Olah and
	Mike~Schuster and
	Jonathon~Shlens and
	Benoit~Steiner and
	Ilya~Sutskever and
	Kunal~Talwar and
	Paul~Tucker and
	Vincent~Vanhoucke and
	Vijay~Vasudevan and
	Fernanda~Vi\'{e}gas and
	Oriol~Vinyals and
	Pete~Warden and
	Martin~Wattenberg and
	Martin~Wicke and
	Yuan~Yu and
	Xiaoqiang~Zheng},
	year={2015},
}

@MISC {kinectbasedsystem,
	author       = "González-Ortega, D. and Díaz-Pernas, F.J. and Martínez-Zarzuela, M. and Antón-Rodríguez, M.",
	title        = "A Kinect-based system for cognitive rehabilitation exercises monitoring",
	howpublished = "\url{https://doi.org/10.1016/j.cmpb.2013.10.014}",
	month        = "feb",
	year         = "2014"
}

@misc{ wiki:kinect,
	author = "Wikipedia",
	title = "Kinect --- Wikipedia{,} La enciclopedia libre",
	year = "2020",
	howpublished = "\url{https://es.wikipedia.org/w/index.php?title=Kinect&oldid=125711991}"
}

@MISC {gradior,
	author       = "ides",
	title        = "GRADIOR",
	howpublished = "\url{https://ides.es/gradior}",
	year         = "2014"
}

@MISC {motiv,
	author       = "Chang, Yao-Jen and Chen, Shu-Fang and  Huang, Jun-Da",
	title        = "A Kinect-based system for physical rehabilitation: A pilot study for young adults with motor disabilities",
	howpublished = "\url{https://doi.org/10.1016/j.ridd.2011.07.002}",
	month        = "dec",
	year         = "2011"
}

@MISC {hand,
	author       = "Zariffa, José and Steeves, John D.",
	title        = "Computer Vision-Based Classification of Hand Grip Variations in Neurorehabilitation",
	howpublished = "\url{https://doi.org/10.1109/ICORR.2011.5975421}",
	month        = "jul",
	year         = "2011"
}

@MISC {humingkuei2011,
	author       = "Hu, Ming-Kuei",
	title        = "Visual Pattern Recognition by Moment Invariants",
	howpublished = "\url{https://doi.org/10.1109/ICORR.2011.5975421}",
	month        = "jul",
	year         = "2011"
}

@MISC {bonen,
	author       = "Bonenfant, Michaël  and Laurendeau, Denis and Fortin-Côté, Alexis and Cardou,  Philippe and Gosselin, Clément",
	title        = "A Computer Vision System for Virtual Rehabilitation",
	howpublished = "\url{https://doi.org/10.1109/CRV.2017.30}",
	month        = "may",
	year         = "2017"
}

@MISC {jpndresearch2017,
	author       = "JPND research",
	title        = "¿QUÉ ES UNA ENFERMEDAD NEURODEGENERATIVA?",
	howpublished = "\url{https://www.neurodegenerationresearch.eu/es/que-es-una-enfermedad-neurodegenerativa/}"
}

@MISC {p1,
	author       = "Parkinson Federación Española",
	title        = "CONOCE LA ENFERMEDAD",
	howpublished = "\url{https://www.esparkinson.es/espacio-parkinson/conocer-la-enfermedad/}"
}

@MISC {cron,
	author       = "Organización Mundial de la Salud",
	title        = "Enfermedades crónicas",
	howpublished = "\url{https://www.who.int/topics/chronic_diseases/es/}"
}

@MISC {p2,
	author       = "Mayo Clinic",
	title        = "Enfermedad de Parkinson",
	howpublished = "\url{https://www.mayoclinic.org/es-es/diseases-conditions/parkinsons-disease/symptoms-causes/syc-20376055#:~:text=La%20enfermedad%20de%20Parkinson%20es,rigidez%20o%20disminuci%C3%B3n%20del%20movimiento.}"
}

@MISC {p3,
	author       = "MedlinePlus",
	title        = "Enfermedad de Parkinson",
	howpublished = "\url{https://medlineplus.gov/spanish/parkinsonsdisease.html}"
}

@MISC {trasmov,
	author       = "Mayo Clinic",
	title        = "Trastornos del movimiento",
	howpublished = "\url{https://www.mayoclinic.org/es-es/diseases-conditions/movement-disorders/symptoms-causes/syc-20363893#:~:text=El%20t%C3%A9rmino%20%C2%ABtrastornos%20del%20movimiento,pueden%20ser%20voluntarios%20o%20involuntarios.}"
}

 
@MISC {curemoselparkinson2020,
	author       = "Curemos el Parkinson",
	title        = "Día Internacional del Párkinson 2020: mitos e investigación",
	howpublished = "\url{https://conoceelparkinson.org/cuidados/dia-internacional-parkinson-2020/}",
	month        = "apr",
	year         = "2020"
}

@MISC {ada,
	author       = "Freund, Yoav and Schapire, Robert E.",
	title        = "A Short Introduction to Boosting",
	month        = "sep",
	year         = "1999"
}

@conference{Kluyver:2016aa,
	Author = {Kluyver, Thomas and Ragan-Kelley, Benjamin  and Pérez, Fernando and Granger, Brian and Bussonnier, Matthias and Frederic, Jonathan and Kelley, Kyle and Hamrick, Jessica and Grout, Jason and Corlay, Sylvain and Ivanov,  Paul and Avila, Damián and Abdalla,  Safia and Willing, Carol},
	Booktitle = {Positioning and Power in Academic Publishing: Players, Agents and Agendas},
	Editor = {F. Loizides and B. Schmidt},
	Organization = {IOS Press},
	Pages = {87 - 90},
	Title = {Jupyter Notebooks -- a publishing format for reproducible computational workflows},
	Year = {2016}
}

@MISC {dia,
	author       = "Macke,  Steffen",
	title        = "Dia Diagram Editor",
	howpublished = "\url{http://dia-installer.de/}"
}

@MISC {staruml,
	author       = "MKLabs Co",
	title        = "StarUML 3",
	howpublished = "\url{http://staruml.io/}",
	year         = "2020"
}

@article{paszke2017automatic,
	title={Automatic differentiation in PyTorch},
	author={Paszke, Adam and Gross, Sam and Chintala, Soumith and Chanan, Gregory and Yang, Edward and DeVito, Zachary and Lin, Zeming and Desmaison, Alban and Antiga, Luca and Lerer, Adam},
	year={2017}
}

@MISC {inst,
	author       = "Wu, Yuxin and Simonelli, Julius and Fix, Jeremy  and Rai, Anshul",
	title        = "Instalación Detectron2",
	howpublished = "\url{https://github.com/facebookresearch/detectron2/blob/master/INSTALL.md}",
	year         = "2020"
}